{
  "leader": "04987cam a2200517 a 4500",
  "fields": [
    {
      "001": "ocm28675586\\"
    },
    {
      "003": "OCoLC"
    },
    {
      "005": "20230106144010.0"
    },
    {
      "008": "930728s1995\\\\\\\\enka\\\\\\\\\\b\\\\\\\\001\\0\\eng\\\\"
    },
    {
      "010": {
        "ind1": "\\",
        "ind2": "\\",
        "subfields": [
          {
            "a": "   93031219 "
          }
        ]
      }
    },
    {
      "040": {
        "ind1": "\\",
        "ind2": "\\",
        "subfields": [
          {
            "a": "DNLM/DLC"
          },
          {
            "b": "eng"
          },
          {
            "c": "DLC"
          },
          {
            "d": "NLM"
          },
          {
            "d": "IPL"
          },
          {
            "d": "UKM"
          },
          {
            "d": "CUX"
          },
          {
            "d": "UBA"
          },
          {
            "d": "OCLCQ"
          },
          {
            "d": "BAKER"
          },
          {
            "d": "NLGGC"
          },
          {
            "d": "BTCTA"
          },
          {
            "d": "YDXCP"
          },
          {
            "d": "OCLCG"
          },
          {
            "d": "UAB"
          },
          {
            "d": "GEBAY"
          },
          {
            "d": "OCLCQ"
          },
          {
            "d": "ZWZ"
          },
          {
            "d": "OCLCF"
          },
          {
            "d": "OCLCQ"
          },
          {
            "d": "OCLCO"
          },
          {
            "d": "DEBBG"
          },
          {
            "d": "OCLCQ"
          },
          {
            "d": "NLC"
          },
          {
            "d": "OCLCO"
          },
          {
            "d": "OCLCA"
          },
          {
            "d": "OCLCQ"
          },
          {
            "d": "GILDS"
          },
          {
            "d": "KIJ"
          },
          {
            "d": "OCLCQ"
          },
          {
            "d": "AOW"
          },
          {
            "d": "BRF"
          },
          {
            "d": "IL4J6"
          },
          {
            "d": "OCLCO"
          }
        ]
      }
    },
    {
      "016": {
        "ind1": "\\",
        "ind2": "\\",
        "subfields": [
          {
            "a": "(AMICUS)000013114809"
          }
        ]
      }
    },
    {
      "016": {
        "ind1": "7",
        "ind2": "\\",
        "subfields": [
          {
            "a": "9313617"
          },
          {
            "2": "DNLM"
          }
        ]
      }
    },
    {
      "019": {
        "ind1": "\\",
        "ind2": "\\",
        "subfields": [
          {
            "a": "33969668"
          },
          {
            "a": "1027359383"
          },
          {
            "a": "1036003515"
          },
          {
            "a": "1119399521"
          }
        ]
      }
    },
    {
      "020": {
        "ind1": "\\",
        "ind2": "\\",
        "subfields": [
          {
            "a": "0521431727"
          },
          {
            "q": "(hardback)"
          }
        ]
      }
    },
    {
      "020": {
        "ind1": "\\",
        "ind2": "\\",
        "subfields": [
          {
            "a": "9780521431729"
          },
          {
            "q": "(hardback)"
          }
        ]
      }
    },
    {
      "035": {
        "ind1": "\\",
        "ind2": "\\",
        "subfields": [
          {
            "a": "(OCoLC)28675586"
          },
          {
            "z": "(OCoLC)33969668"
          },
          {
            "z": "(OCoLC)1027359383"
          },
          {
            "z": "(OCoLC)1036003515"
          },
          {
            "z": "(OCoLC)1119399521"
          }
        ]
      }
    },
    {
      "050": {
        "ind1": "0",
        "ind2": "0",
        "subfields": [
          {
            "a": "QR182"
          },
          {
            "b": ".M39 1995"
          }
        ]
      }
    },
    {
      "082": {
        "ind1": "0",
        "ind2": "0",
        "subfields": [
          {
            "a": "574.2909"
          },
          {
            "b": "MAZ"
          }
        ]
      }
    },
    {
      "100": {
        "ind1": "1",
        "ind2": "\\",
        "subfields": [
          {
            "a": "Mazumdar, Pauline M. H."
          },
          {
            "q": "(Pauline Margaret Hodgson),"
          },
          {
            "d": "1933-"
          }
        ]
      }
    },
    {
      "245": {
        "ind1": "1",
        "ind2": "0",
        "subfields": [
          {
            "a": "Species and specificity :"
          },
          {
            "b": "an interpretation of the history of immunology /"
          },
          {
            "c": "Pauline M.H. Mazumdar."
          }
        ]
      }
    },
    {
      "260": {
        "ind1": "\\",
        "ind2": "\\",
        "subfields": [
          {
            "a": "Cambridge ;"
          },
          {
            "a": "New York, NY, USA :"
          },
          {
            "b": "Cambridge University Press,"
          },
          {
            "c": "1995."
          }
        ]
      }
    },
    {
      "300": {
        "ind1": "\\",
        "ind2": "\\",
        "subfields": [
          {
            "a": "xiii, 457 pages :"
          },
          {
            "b": "illustrations ;"
          },
          {
            "c": "24 cm"
          }
        ]
      }
    },
    {
      "336": {
        "ind1": "\\",
        "ind2": "\\",
        "subfields": [
          {
            "a": "text"
          },
          {
            "b": "txt"
          },
          {
            "2": "rdacontent"
          }
        ]
      }
    },
    {
      "337": {
        "ind1": "\\",
        "ind2": "\\",
        "subfields": [
          {
            "a": "unmediated"
          },
          {
            "b": "n"
          },
          {
            "2": "rdamedia"
          }
        ]
      }
    },
    {
      "338": {
        "ind1": "\\",
        "ind2": "\\",
        "subfields": [
          {
            "a": "volume"
          },
          {
            "b": "nc"
          },
          {
            "2": "rdacarrier"
          }
        ]
      }
    },
    {
      "500": {
        "ind1": "\\",
        "ind2": "\\",
        "subfields": [
          {
            "a": "Based on the author's thesis (Ph. D.--Johns Hopkins University, 1976)."
          }
        ]
      }
    },
    {
      "504": {
        "ind1": "\\",
        "ind2": "\\",
        "subfields": [
          {
            "a": "Includes bibliographical references (pages 383-431) and index."
          }
        ]
      }
    },
    {
      "505": {
        "ind1": "0",
        "ind2": "\\",
        "subfields": [
          {
            "a": "1. The Unitarians: Matthias Schleiden and Carl von Nageli -- 2. The Linnaeans: Ferdinand Cohn and Robert Koch -- 3. The Dominance of Specificity: Koch and His Adversaries -- 4. The History of Nineteenth-century Bacteriology from This Point of View -- 5. Dichotomy and Classification in the Thought of Paul Ehrlich -- 6. Max von Gruber and Paul Ehrlich -- 7. Max von Gruber and Karl Landsteiner -- 8. Unity, Simplicity, Continuity: The Philosophy of Ernst Mach -- 9. Structural and Physical Chemistry in the Late Nineteenth Century -- 10. Ehrlich's Chemistry and Its Opponents: i. The Dissociation Theory of Arrhenius and Madsen -- 11. Ehrlich's Chemistry and Its Opponents: ii. The Colloid Theory of Landsteiner and Pauli -- 12. Ehrlich's Chemistry and Its Opponents: iii. The New Structural Chemistry of Landsteiner and Pick -- 13. The Decline and Persistence of Ehrlich's Chemical Theory: Landsteiner Surrenders Vienna."
          }
        ]
      }
    },
    {
      "520": {
        "ind1": "\\",
        "ind2": "\\",
        "subfields": [
          {
            "a": "In the first hundred years of its history, immunology was mired in the problems of species and specificity both in research and in practice. The old botanical dispute about the nature of species, which has its roots in classical Western thought, reappeared in the late nineteenth century in the disputes of the bacteriologists, and subsequently of their students, the immunologists, immunochemists, and blood group geneticists. The argument centered on the question of unity and diversity. Proponents of unity insisted on the continuity of nature, while those of diversity emphasized the separation and definition of individual species. In the course of this controversy, Pauline Mazumdar argues, five generations of scientific protagonists waged a bitter intellectual war that defined the structure of immunological thought during the first half of the twentieth century."
          }
        ]
      }
    },
    {
      "520": {
        "ind1": "8",
        "ind2": "\\",
        "subfields": [
          {
            "a": "Their science was designed only in part to wrest an answer from nature: it was at least as important to wring an admission of defeat from their opponents. One of the key figures in the debate was the Austrian immunochemist Karl Landsteiner, whose career provides the central focus for Mazumdar's account. His unitarian views excluded him from promotion within European institutions, where the specificity and pluralism espoused by Robert Koch and Paul Ehrlich were entrenched. Landsteiner himself was forced into a kind of exile at Rockefeller University in New York. Though Landsteiner won a Nobel prize for his work, his inability to gain more widespread acceptance of his views caused him to view his life as a failure."
          }
        ]
      }
    },
    {
      "561": {
        "ind1": "1",
        "ind2": "\\",
        "subfields": [
          {
            "a": "Presented by Charles E. Rosenberg, April 2018."
          },
          {
            "5": "AOW"
          }
        ]
      }
    },
    {
      "508": {
        "ind1": "\\",
        "ind2": "\\",
        "subfields": [
          {
            "a": "Based on the author's thesis (Ph.D.--Johns Hopkins University, 1976)."
          }
        ]
      }
    },
    {
      "650": {
        "ind1": "\\",
        "ind2": "0",
        "subfields": [
          {
            "a": "Immunology"
          },
          {
            "x": "History."
          }
        ]
      }
    },
    {
      "650": {
        "ind1": "1",
        "ind2": "2",
        "subfields": [
          {
            "a": "Allergy and Immunology"
          },
          {
            "x": "history"
          }
        ]
      }
    },
    {
      "650": {
        "ind1": "2",
        "ind2": "2",
        "subfields": [
          {
            "a": "Species Specificity"
          }
        ]
      }
    },
    {
      "650": {
        "ind1": "\\",
        "ind2": "7",
        "subfields": [
          {
            "a": "Immunology."
          },
          {
            "2": "fast"
          },
          {
            "0": "(OCoLC)fst00968006"
          }
        ]
      }
    },
    {
      "655": {
        "ind1": "\\",
        "ind2": "7",
        "subfields": [
          {
            "a": "History."
          },
          {
            "2": "fast"
          },
          {
            "0": "(OCoLC)fst01411628"
          }
        ]
      }
    },
    {
      "700": {
        "ind1": "1",
        "ind2": "\\",
        "subfields": [
          {
            "a": "Rosenberg, Charles E.,"
          },
          {
            "e": "donor."
          },
          {
            "5": "AOW"
          }
        ]
      }
    },
    {
      "856": {
        "ind1": "4",
        "ind2": "1",
        "subfields": [
          {
            "3": "Sample text"
          },
          {
            "u": "http://catdir.loc.gov/catdir/samples/cam034/93031219.html"
          }
        ]
      }
    },
    {
      "856": {
        "ind1": "4",
        "ind2": "1",
        "subfields": [
          {
            "3": "Table of contents"
          },
          {
            "u": "http://catdir.loc.gov/catdir/toc/cam023/93031219.html"
          }
        ]
      }
    },
    {
      "856": {
        "ind1": "4",
        "ind2": "1",
        "subfields": [
          {
            "3": "Table of contents"
          },
          {
            "u": "http://bvbr.bib-bvb.de:8991/F?func=service&doc_library=BVB01&local_base=BVB01&doc_number=007055460&line_number=0001&func_code=DB_RECORDS&service_type=MEDIA"
          }
        ]
      }
    },
    {
      "856": {
        "ind1": "4",
        "ind2": "2",
        "subfields": [
          {
            "3": "Publisher description"
          },
          {
            "u": "http://catdir.loc.gov/catdir/description/cam025/93031219.html"
          }
        ]
      }
    },
    {
      "994": {
        "ind1": "\\",
        "ind2": "\\",
        "subfields": [
          {
            "a": "Z0"
          },
          {
            "b": "NYRVC"
          }
        ]
      }
    },
    {
      "948": {
        "ind1": "\\",
        "ind2": "\\",
        "subfields": [
          {
            "h": "NO HOLDINGS IN NYRVC - 305 OTHER HOLDINGS"
          }
        ]
      }
    },
    {
      "999": {
        "ind1": "\\",
        "ind2": "\\",
        "subfields": [
          {
            "a": "00000000013093"
          }
        ]
      }
    }
  ]
}